@Article{almunia2015under,
  Title                    = {Under the radar: the effects of monitoring firms on tax compliance},
  Author                   = {Almunia, Miguel and Lopez Rodriguez, David},
  Journal                  = {Available at SSRN},
  Year                     = {2015},

  __markedentry            = {[Chanakya:5]},
  File                     = {:vat\\almunialopezaug15-under_the_radar.pdf:PDF},
  Groups                   = {vat}
}

@Article{almunia2017under,
  author        = {Almunia, Miguel and Lopez Rodriguez, David},
  title         = {Under the Radar: The Effects of Monitoring Firms on Tax Compliance},
  journal       = {American Economic Journal: Economic Policy (forthcoming)},
  year          = {2017},
  file          = {:vat\\almunialopezaug15-under_the_radar.pdf:PDF},
  publisher     = {http://www2.warwick.ac.uk/fac/soc/economics/staff/malmuniacandela/almunialopezmar2017-under\_the\_radar.pdf},
}



@Article{besley2013taxation,
  Title                    = {Taxation and development},
  Author                   = {Besley, Timothy J and Persson, Torsten},
  Year                     = {2013},

  File                     = {:vat/besley and persson, taxation and development.pdf:PDF},
  Groups                   = {to read, from carrillo},
  Publisher                = {CEPR Discussion Paper No. DP9307}
}


@article{bjorkegren2017behavior,
  title={Behavior revealed in mobile phone usage predicts loan repayment},
  author={Bj{\"o}rkegren, Daniel and Grissen, Darrell},
  journal={arXiv preprint arXiv:1712.05840},
  year={2017}
}

@article{blumenstock2015predicting,
  title={Predicting poverty and wealth from mobile phone metadata},
  author={Blumenstock, Joshua and Cadamuro, Gabriel and On, Robert},
  journal={Science},
  volume={350},
  number={6264},
  pages={1073--1076},
  year={2015},
  publisher={American Association for the Advancement of Science}
}

@article{Carrilloetal:2017,
abstract = {1. Public Economics - Taxation, Subsidies, and Revenue - Business Taxes and Subsidies 2. Public Economics - Taxation, Subsidies, and Revenue - Tax Evasion and Avoidance 3. Economic Development, Innovation, Technological Change, and Growth - Development Planning and Policy - Fiscal and Monetary Policy in Development 4. Economic Development, Innovation, Technological Change, and Growth - Innovation {\&}bull; Research and Development {\&}bull; Technological Change {\&}bull; Intellectual Property Rights - Government Policy},
author = {Carrillo, Paul and Pomeranz, Dina and Singhal, Monica},
doi = {10.3386/w20624},
file = {:home/amahajan/Dropbox/233/Articles/2017/Carrillo, Pomeranz, Singhal{\_}2017{\_}Dodging the Taxman Firm Misreporting and Limits to Tax Enforcement.pdf:pdf},
journal = {American Economic Journal: Applied Economics},
mendeley-groups = {Credit Cards,VAT},
number = {2},
pages = {144--164},
title = {{Dodging the Taxman: Firm Misreporting and Limits to Tax Enforcement}},
volume = {9},
year = {2017}
}


@article{chen2011using,
  title={Using luminosity data as a proxy for economic statistics},
  author={Chen, Xi and Nordhaus, William D},
  journal={Proceedings of the National Academy of Sciences},
  volume={108},
  number={21},
  pages={8589--8594},
  year={2011},
  publisher={National Acad Sciences}
}

@article{deville2014dynamic,
  title={Dynamic population mapping using mobile phone data},
  author={Deville, Pierre and Linard, Catherine and Martin, Samuel and Gilbert, Marius and Stevens, Forrest R and Gaughan, Andrea E and Blondel, Vincent D and Tatem, Andrew J},
  journal={Proceedings of the National Academy of Sciences},
  volume={111},
  number={45},
  pages={15888--15893},
  year={2014},
  publisher={National Acad Sciences}
}


@Article{duflo2013truth,
  Title                    = {Truth-telling by third-party auditors and the response of polluting firms: Experimental evidence from India},
  Author                   = {Duflo, Esther and Greenstone, Michael and Pande, Rohini and Ryan, Nicholas},
  Journal                  = {The Quarterly Journal of Economics},
  Year                     = {2013},
  Pages                    = {qjt024},

  File                     = {:vat\\duflo et al, truth telling.pdf:PDF},
  Groups                   = {Corruption},
  Publisher                = {Oxford University Press}
}

@book{Ebrilletal:2001,
author = {Ebrill, Liam and Keen, Michael and Bodin, Jean-paul and Summers, Victoria},
file = {:home/amahajan/Dropbox/233/Articles/2001/Ebrill et al.{\_}2001{\_}The modern VAT (IMF).pdf:pdf},
isbn = {1-589-06026-1},
mendeley-groups = {VAT},
publisher = {International Monetary Fund Publication Services},
title = {{The Modern VAT}},
year = {2001}
}


@Article{glewwe2010teacher,
  Title                    = {Teacher incentives},
  Author                   = {Glewwe, Paul and Ilias, Nauman and Kremer, Michael},
  Journal                  = {American Economic Journal: Applied Economics},
  Year                     = {2010},
  Number                   = {3},
  Pages                    = {205--227},
  Volume                   = {2},

  File                     = {:vat\\glewwe ilias kremer, teacher incentives.pdf:PDF},
  Groups                   = {Incentives},
  Publisher                = {American Economic Association}
}


@Manual{h2o_Python_module,
    title = {h2o: Python Interface for H2O},
    author = {The H2O.ai team},
    year = {2015},
    note = {Python package version 3.1.0.99999},
    url = {http://www.h2o.ai},
}

@Manual{h2o_NaiveBayes,
    title = {h2o: Naive Bayes Classifier},
    author = {The H2O.ai team},
    year = {2018},
    url = {http://docs.h2o.ai/h2o/latest-stable/h2o-docs/data-science/naive-bayes.html},
}


@Conference{ITD2005,
  Title                    = {The Value Added Tax: Experiences and Issues},
  Author                   = {{International Tax Dialogue}},
  Booktitle                = {Conference Paper},
  Year                     = {2005},

  Address                  = {Rome},
  Month                    = {March},

  File                     = {:vat\\VAT-Italy-Mar-2005\\Background_conference_paper_English.pdf:PDF}
}

@Article{jacob2003rotten,
  Title                    = {Rotten apples: An investigation of the prevalence and predictors of teacher cheating},
  Author                   = {Jacob, Brian A and Levitt, Steven D},
  Journal                  = {The Quarterly Journal of Economics},
  Year                     = {2003},
  Number                   = {3},
  Pages                    = {843--877},
  Volume                   = {118},

  File                     = {:vat\\JacobLevitt2003_teachercheating.pdf:PDF},
  Groups                   = {Cheating},
  Publisher                = {Oxford University Press}
}


@Article{keen2006vat,
  Title                    = {VAT fraud and evasion: What do we know and what can be done?},
  Author                   = {Keen, Michael and Smith, Stephen},
  Journal                  = {National Tax Journal},
  Year                     = {2006},
  Pages                    = {861--887},

  File                     = {:vat/keen smith, VAT fraud.pdf:PDF},
  Groups                   = {vat, from carrillo},
  Publisher                = {JSTOR}
}

@Article{khan2016tax,
  Title                    = {Tax farming redux: Experimental evidence on performance pay for tax collectors},
  Author                   = {Khan, Adnan Q and Khwaja, Asim I and Olken, Benjamin A},
  Journal                  = {The Quarterly Journal of Economics},
  Year                     = {2016},
  Number                   = {1},
  Pages                    = {219--271},
  Volume                   = {131},

  File                     = {:vat\\Khwaja et al, tax farming redux.pdf:PDF},
  Groups                   = {Corruption},
  Publisher                = {Oxford University Press}
}


@InProceedings{lakkaraju2017selective,
  author       = {Lakkaraju, Himabindu and Kleinberg, Jon and Leskovec, Jure and Ludwig, Jens and Mullainathan, Sendhil},
  title        = {The Selective Labels Problem: Evaluating Algorithmic Predictions in the Presence of Unobservables},
  booktitle    = {Proceedings of the 23rd ACM SIGKDD International Conference on Knowledge Discovery and Data Mining},
  year         = {2017},
  pages        = {275--284},
  organization = {ACM},
  doi          = {https://doi.org/10.1145/3097983.3098066},
  file         = {:vat/Machine Learning/Mullainathan et al, kdd17-selectivelabels.pdf:PDF},
  groups       = {Machine Learning},
}

@article{liaw2002classification,
  title={Classification and regression by randomForest},
  author={Liaw, Andy and Wiener, Matthew and others},
  journal={R news},
  volume={2},
  number={3},
  pages={18--22},
  year={2002}
}

@article{llorente2015social,
  title={Social media fingerprints of unemployment},
  author={Llorente, Alejandro and Garcia-Herranz, Manuel and Cebrian, Manuel and Moro, Esteban},
  journal={PloS one},
  volume={10},
  number={5},
  pages={e0128692},
  year={2015},
  publisher={Public Library of Science}
}


@article{liu2016classification,
  title={Classification with noisy labels by importance reweighting},
  author={Liu, Tongliang and Tao, Dacheng},
  journal={IEEE Transactions on pattern analysis and machine intelligence},
  volume={38},
  number={3},
  pages={447--461},
  year={2016},
  publisher={IEEE}
}


@article{lu2016unveiling,
  title={Unveiling hidden migration and mobility patterns in climate stressed regions: A longitudinal study of six million anonymous mobile phone users in Bangladesh},
  author={Lu, Xin and Wrathall, David J and Sunds{\o}y, P{\aa}l Roe and Nadiruzzaman, Md and Wetter, Erik and Iqbal, Asif and Qureshi, Taimur and Tatem, Andrew and Canright, Geoffrey and Eng{\o}-Monsen, Kenth and others},
  journal={Global Environmental Change},
  volume={38},
  pages={1--7},
  year={2016},
  publisher={Elsevier}
}
@Article{mironov2014corruption,
  Title                    = {Corruption in procurement: Evidence from financial transactions data},
  Author                   = {Mironov, Maxim and Zhuravskaya, Ekaterina},
  Journal                  = {Unpublished working paper. Social Science Research Network},
  Year                     = {2014},

  File                     = {:vat\\mironov, procurement_elections_jan_25_2014.pdf:PDF},
  Groups                   = {Cheating}
}

@Article{mittal2017vat,
  author = {Mittal, Shekhar and Mahajan, Aprajit},
  title  = {VAT in Emerging Economies: Does Third Party Verification Matter?},
  year   = {2017},
  file   = {:vat\\Mittal_Mahajan_VAT_ThirdPartyVerification.pdf:PDF},
}


@Article{muralidharan2016building,
  Title                    = {Building state capacity: Evidence from biometric smartcards in India},
  Author                   = {Muralidharan, Karthik and Niehaus, Paul and Sukhtankar, Sandip},
  Journal                  = {The American Economic Review},
  Year                     = {2016},
  Number                   = {10},
  Pages                    = {2895--2929},
  Volume                   = {106},

  File                     = {:vat\\muralidharan et al, state capacity.pdf:PDF},
  Groups                   = {from carrillo},
  Publisher                = {American Economic Association}
}


@Article{muralidharan2011teacher,
  Title                    = {Teacher performance pay: Experimental evidence from India},
  Author                   = {Muralidharan, Karthik and Sundararaman, Venkatesh},
  Journal                  = {Journal of political Economy},
  Year                     = {2011},
  Number                   = {1},
  Pages                    = {39--77},
  Volume                   = {119},

  File                     = {:vat\\muralidharan, performance pay.pdf:PDF},
  Groups                   = {Incentives},
  Publisher                = {University of Chicago Press Chicago, IL}
}
@Article{naritomi2013consumers,
  Title                    = {Consumers as tax auditors},
  Author                   = {Naritomi, Joana},
  Journal                  = {Job market paper, Harvard University},
  Year                     = {2013},

  __markedentry            = {[Chanakya:]},
  File                     = {:vat/naritomi_enforcement_April2015.pdf:PDF},
  Groups                   = {vat, third party verification}
}

@inproceedings{natarajan2013learning,
  title={Learning with noisy labels},
  author={Natarajan, Nagarajan and Dhillon, Inderjit S and Ravikumar, Pradeep K and Tewari, Ambuj},
  booktitle={Advances in neural information processing systems},
  pages={1196--1204},
  year={2013}
}

@Article{olken2012corruption,
  Title                    = {Corruption in developing countries},
  Author                   = {Olken, Benjamin A and Pande, Rohini},
  Journal                  = {Annu. Rev. Econ.},
  Year                     = {2012},
  Number                   = {1},
  Pages                    = {479--509},
  Volume                   = {4},

  File                     = {:vat\\olken pande, corruption in developing countries.pdf:PDF},
  Groups                   = {Corruption},
  Publisher                = {Annual Reviews}
}

@Article{pashev2007countering,
  Title                    = {Countering cross-border VAT fraud: the Bulgarian experience},
  Author                   = {Pashev, Konstantin V},
  Journal                  = {Journal of Financial Crime},
  Year                     = {2007},
  Number                   = {4},
  Pages                    = {490--501},
  Volume                   = {14},

  __markedentry            = {[Chanakya:5]},
  File                     = {:vat\\pashev, vat fraud bulgaria.pdf:PDF},
  Groups                   = {overview, fraud},
  Publisher                = {Emerald Group Publishing Limited},
  Review                   = {One of the first papers that documents bogus trading fraud in a country.

Methods to counter it
1. Delay refunds - deduct vat credit from follwing periods
2. VAT account
3. Actual cash is only refunded after a tax audit, statutory time limit is suspended
4. Joint liability

Look at table 1}
}

@Article{pomeranz2015no,
  Title                    = {No taxation without information: Deterrence and self-enforcement in the value added tax},
  Author                   = {Pomeranz, Dina},
  Journal                  = {The American Economic Review},
  Year                     = {2015},
  Number                   = {8},
  Pages                    = {2539--2569},
  Volume                   = {105},

  File                     = {:vat/pomeranz_no_taxation_without_information_c2f18227-578f-4259-b75b-f62f2e113217.pdf:PDF},
  Publisher                = {American Economic Association}
}


@article{wesolowski2014quantifying,
  title={Quantifying travel behavior for infectious disease research: a comparison of data from surveys and mobile phones},
  author={Wesolowski, Amy and Stresman, Gillian and Eagle, Nathan and Stevenson, Jennifer and Owaga, Chrispin and Marube, Elizabeth and Bousema, Teun and Drakeley, Christopher and Cox, Jonathan and Buckee, Caroline O},
  journal={Scientific reports},
  volume={4},
  year={2014},
  publisher={Nature Publishing Group}
}

@incollection{wilson2015comparing,
  title={Comparing cookstove usage measured with sensors versus cell phone-based surveys in Darfur, Sudan},
  author={Wilson, Daniel Lawrence and Adam, Mohammed Idris and Abbas, Omnia and Coyle, Jeremy and Kirk, Angeli and Rosa, Javier and Gadgil, Ashok J},
  booktitle={Technologies for Development},
  pages={211--221},
  year={2015},
  publisher={Springer}
}

@article{xie2015transfer,
  title={Transfer learning from deep features for remote sensing and poverty mapping},
  author={Xie, Michael and Jean, Neal and Burke, Marshall and Lobell, David and Ermon, Stefano},
  journal={arXiv preprint arXiv:1510.00098},
  year={2015}
}

@Article{zitzewitz2012forensic,
  Title                    = {Forensic economics},
  Author                   = {Zitzewitz, Eric},
  Journal                  = {Journal of Economic Literature},
  Year                     = {2012},
  Pages                    = {731--769},

  __markedentry            = {[Chanakya:5]},
  File                     = {:vat\\Zitzewitz, forensic economics.pdf:PDF},
  Groups                   = {Cheating},
  Publisher                = {JSTOR}
}


