@article{almunia2018under,
  title={Under the Radar: The Effects of Monitoring Firms on Tax Compliance},
  author={Almunia, Miguel and Lopez-Rodriguez, David},
  journal={American Economic Journal: Economic Policy},
  volume={10},
  number={1},
  pages={1--38},
  year={2018}
}

@article{asatryan2017responses,
  title={Responses of Firms to Tax, Administrative and Accounting Rules: Evidence from Armenia},
  author={Asatryan, Zareh and Peichl, Andreas},
  journal={Working paper},
  year={2017}
}

@article{bachas2017size,
  title={Size-Dependent Tax Enforcement and Compliance: Global Evidence},
  author={Bachas, Pierre and Jensen, Anders},
  journal={Working paper},
  year={2017}
}

@Article{besley2014developing,
  author    = {Besley, Timothy and Persson, Torsten},
  title     = {Why Do Developing Countries Tax So Little?},
  journal   = {The Journal of Economic Perspectives},
  year      = {2014},
  volume    = {28},
  number    = {4},
  pages     = {99--120},
  file      = {:vat/besley persson, why do developing countries tax so little.pdf:PDF},
  publisher = {American Economic Association},
}

@article{boonzaaier2017small,
  title={How Do Small Firms Respond to Tax Schedule Discontinuities? Evidence from South African tax 	registers},
  author={Boonzaaier, Wian and Harju, Jarkko and Matikka, Tuomas and Pirttila, Jukka},
  journal={Working paper},

  year={2017}
}
@article{garicano2016firm,
  title={Firm Size Distortions and the Productivity Distribution: Evidence from France},
  author={Garicano, Luis and Lelarge, Claire and Van Reenen, John},
  journal={American Economic Review},
  volume={106},
  number={11},
  pages={3439--79},
  year={2016}
}
@techreport{gebresilasse2016firm,
  title={Firm Response to VAT Registration Threshold in Ethiopia},
  author={Gebresilasse, Mesay M and Sow, Soule},
  journal={Working paper},
  year={2016}
}
@article{harju2016effects,
  title={The Effects of Size-Based Regulation on Small Firms: Evidence from VAT Threshold},
  author={Harju, Jarkko and Matikka, Tuomas and Rauhanen, Timo},
  journal={Working paper},
  year={2016}
}
@article{keen2006vat,
  title={VAT Fraud and Evasion: What Do We Know and What Can Be done?},
  author={Keen, Michael and Smith, Stephen},
  journal={National Tax Journal},
  pages={861--887},
  year={2006},
  publisher={JSTOR}
}
@article{kleven2016bunching,
  title={Bunching},
  author={Kleven, Henrik Jacobsen},
  journal={Annual Review of Economics},
  volume={8},
  pages={435--464},
  year={2016},
  publisher={Annual Reviews}
}
@article{liu2017vat,
  title={VAT Notches, Voluntary Registration and Bunching: Theory and UK Evidence},
  author={Liu, Li and Lockwood, Ben and Almunia, Miguel},
  journal={Working paper},
  year={2017},
}

@article{mittal2017vat,
  title={VAT in Emerging Economies: Does Third Party Verification Matter?},
  author={Mittal, Shekhar and Mahajan, Aprajit},
  journal={Working paper},
  year={2017}
}

@article{dharmapala2011tax,
  title={Tax Policy and the Missing Middle: Optimal Tax Remittance with Firm-Level Administrative Costs},
  author={Dharmapala, Dhammika and Slemrod, Joel and Wilson, John Douglas},
  journal={Journal of Public Economics},
  volume={95},
  number={9-10},
  pages={1036--1047},
  year={2011},
  publisher={Elsevier}
}

@article{internationaltaxdialogue2013,
  title={Key Issues and Debates in VAT, SME Taxation and the Tax Treatment of the Financial Sector},
  author={{International Tax Dialogue}},
  journal={Background paper for the International Tax Dialogue Conference},
  year={2013}
}

@article{internationaltaxdialogue2007,
  title={Taxation of Small and Medium Enterprises},
  author={{International Tax Dialogue}},
  journal={Background paper for the International Tax Dialogue Conference},
  year={2007}
}

@article{kleven2013using,
  title={Using Notches to Uncover Optimization Frictions and Structural Elasticities: Theory and Evidence from Pakistan},
  author={Kleven, Henrik J and Waseem, Mazhar},
  journal={The Quarterly Journal of Economics},
  volume={128},
  number={2},
  pages={669--723},
  year={2013},
  publisher={MIT Press}
}

@article{keen2004optimal,
  title={The Optimal Threshold for a Value-Added Tax},
  author={Keen, Michael and Mintz, Jack},
  journal={Journal of Public Economics},
  volume={88},
  number={3-4},
  pages={559--576},
  year={2004},
  publisher={Elsevier}
}

@book{gollin1995taxes,
  title={Do Taxes on Large Firms Impede Growth? Evidence from Ghana},
  author={Gollin, Douglas},
  year={1995},
  publisher={Economic Development Center, Department of Economic, Minneapolis Department of Agricultural and Applied Economics, St. Paul, University of Minnesota}
}

@article{guner2008macroeconomic,
  title={Macroeconomic Implications of Size-Dependent Policies},
  author={Guner, Nezih and Ventura, Gustavo and Xu, Yi},
  journal={Review of Economic Dynamics},
  volume={11},
  number={4},
  pages={721--744},
  year={2008},
  publisher={Elsevier}
}

@article{ey2015worldwideguide,
  title={Worldwide VAT, GST and Sales Tax Guide 2015},
  author={{Ernst \& Young}},
  year={2015},
  url={http://www.ey.com/Publication/vwLUAssets/Worldwide-VAT-GST-and-sales-tax-guide-2015/$FILE/Worldwide%20VAT,%20GST%20and%20Sales%20Tax%20Guide%202015.pdf}
  publisher={EY}
}

@book{bird2007vat,
  title={The VAT in Developing and Transitional Countries},
  author={Bird, Richard and Gendron, Pierre-Pascal},
  year={2007},
  publisher={Cambridge University Press}
}

@techreport{benzarti2017taxing,
  title={How Taxing Is Tax Filing? Using Revealed Preferences to Estimate Compliance Costs},
  author={Benzarti, Youssef},
  year={2017},
  institution={National Bureau of Economic Research},
  journal={Working paper}
}

@article{onji2009response,
  title={The Response of Firms to Eligibility Thresholds: Evidence from the Japanese Value-Added Tax},
  author={Onji, Kazuki},
  journal={Journal of Public Economics},
  volume={93},
  number={5-6},
  pages={766--775},
  year={2009},
  publisher={Elsevier}
}





